@article {Tipping1999,
	author = {Tipping, Michael E. and Bishop, Christopher M.},
	title = {Probabilistic Principal Component Analysis},
	journal = {Journal of the Royal Statistical Society: Series B (Statistical Methodology)},
	volume = {61},
	number = {3},
	publisher = {Blackwell Publishers Ltd.},
	issn = {1467-9868},
	url = {http://dx.doi.org/10.1111/1467-9868.00196},
	doi = {10.1111/1467-9868.00196},
	pages = {611--622},
	keywords = {Density estimation, EM algorithm, Gaussian mixtures, Maximum likelihood, Principal component analysis, Probability model},
	year = {1999},
}


@article{bunea2015,
	author = "Bunea, Florentina and Xiao, Luo",
	doi = "10.3150/14-BEJ602",
	fjournal = "Bernoulli",
	journal = "Bernoulli",
	month = "05",
	number = "2",
	pages = "1200--1230",
	publisher = "Bernoulli Society for Mathematical Statistics and Probability",
	title = "On the sample covariance matrix estimator of reduced effective rank population matrices, with applications to fPCA",
	url = "http://dx.doi.org/10.3150/14-BEJ602",
	volume = "21",
	year = "2015"
}

@article{nadler2008,
	author = "Nadler, Boaz",
	doi = "10.1214/08-AOS618",
	fjournal = "The Annals of Statistics",
	journal = "Ann. Statist.",
	month = "12",
	number = "6",
	pages = "2791--2817",
	publisher = "The Institute of Mathematical Statistics",
	title = "Finite sample approximation results for principal component analysis: A matrix perturbation approach",
	url = "http://dx.doi.org/10.1214/08-AOS618",
	volume = "36",
	year = "2008"
}

@article{johnstone2009,
	title = {On Consistency and Sparsity for Principal Components Analysis in High Dimensions [with Comments]},
	author = {Johnstone, Iain M. and Lu, Arthur Yu and Nadler, Boaz and Witten, Daniela M. and Hastie, Trevor and Tibshirani, Robert and Ramsay, James O. and Johnstone, Iain M. and Lu, Arthur Yu},
	journal = {Journal of the American Statistical Association},
	volume = {104},
	number = {486},
	pages = {682--703},
	url = {http://www.jstor.org/stable/40592215},
	ISSN = {01621459},
	year = {2009},
	publisher = {Taylor \& Francis, Ltd. on behalf of the American Statistical Association},
}

@article{paul2007,
	title = {Asymptotics of sample eigenstructure for a large dimensional spiked covariance model},
	author = {Paul Debashis},
	journal = {Statistica Sinica},
	volume = {17},
	year = {2007},
	pages = {1617--1642}
}

@article{Vershynin2012,
	year={2012},
	journal={Journal of Theoretical Probability},
	volume={25},
	number={3},
	title={How Close is the Sample Covariance Matrix to the Actual Covariance Matrix?},
	author={Vershynin, Roman},
	publisher={Springer US},
	pages={655-686},
	issn={0894-9840},
	doi={10.1007/s10959-010-0338-z},
	url={http://dx.doi.org/10.1007/s10959-010-0338-z},
	keywords={Sample covariance matrices; Estimation of covariance matrices; Random matrices with independent columns; 60H12; 60B20; 46B09},
}

@article{Halko2011,
	author = {N. Halko and P. G. Martinsson and J. A. Tropp},
	title = {Finding Structure with Randomness: Probabilistic Algorithms for Constructing Approximate Matrix Decompositions},
	journal = {SIAM Review},
	volume = {53},
	number = {2},
	pages = {217-288},
	year = {2011},
	doi = {10.1137/090771806},
	URL = {http://dx.doi.org/10.1137/090771806},
	eprint = {http://dx.doi.org/10.1137/090771806}
}


